<record><leader>00000cas a22000007a 4500</leader><controlfield tag="001">10681434</controlfield><controlfield tag="008">840502d18491871nhuwr ne      0   a0eng d</controlfield><controlfield tag="009">3768</controlfield><datafield ind1=" " ind2=" " tag="010"><subfield code="a">sn 84022953 </subfield></datafield><datafield ind1=" " ind2=" " tag="040"><subfield code="a">NPX</subfield><subfield code="b">eng</subfield><subfield code="c">NPX</subfield><subfield code="d">DLC</subfield><subfield code="d">NPU</subfield><subfield code="d">KNP</subfield><subfield code="d">NVH</subfield><subfield code="d">NVF</subfield><subfield code="d">OCL</subfield><subfield code="d">DLC</subfield><subfield code="d">OCLCF</subfield></datafield><datafield ind1=" " ind2=" " tag="042"><subfield code="a">msc</subfield></datafield><datafield ind1=" " ind2=" " tag="043"><subfield code="a">n-us-nh</subfield></datafield><datafield ind1="0" ind2="0" tag="050"><subfield code="a">Newspaper</subfield></datafield><datafield ind1="0" ind2=" " tag="130"><subfield code="a">Independent Democrat (Concord, N.H.)</subfield></datafield><datafield ind1="1" ind2="4" tag="245"><subfield code="a">The independent Democrat.</subfield></datafield><datafield ind1=" " ind2=" " tag="260"><subfield code="a">Concord, N.H. :</subfield><subfield code="b">Fogg &amp; Wiggin.</subfield></datafield><datafield ind1=" " ind2=" " tag="300"><subfield code="a">v.</subfield></datafield><datafield ind1=" " ind2=" " tag="310"><subfield code="a">Weekly</subfield></datafield><datafield ind1="0" ind2=" " tag="362"><subfield code="a">Vol. 5, no. 1 (May 3, 1849)-v. 27, no. 25 (Sept. 28, 1871).</subfield></datafield><datafield ind1=" " ind2=" " tag="580"><subfield code="a">Daily legislative ed.: Daily independent Democrat, &lt;1855&gt;-1861, and: Legislative reporter (Concord, N.H. : 1862), 1862-1866.</subfield></datafield><datafield ind1=" " ind2=" " tag="580"><subfield code="a">Daily ed.: Concord daily monitor (Concord, N.H. : 1864), 1864-1871.</subfield></datafield><datafield ind1=" " ind2="0" tag="651"><subfield code="a">Concord (N.H.)</subfield><subfield code="v">Newspapers.</subfield></datafield><datafield ind1=" " ind2="7" tag="655"><subfield code="a">Newspapers.</subfield><subfield code="2">fast</subfield><subfield code="0">(OCoLC)fst01423814</subfield></datafield><datafield ind1=" " ind2="7" tag="651"><subfield code="a">New Hampshire</subfield><subfield code="z">Concord.</subfield><subfield code="2">fast</subfield><subfield code="0">(OCoLC)fst01205752</subfield></datafield><datafield ind1=" " ind2=" " tag="752"><subfield code="a">United States</subfield><subfield code="b">New Hampshire</subfield><subfield code="c">Merrimack</subfield><subfield code="d">Concord.</subfield></datafield><datafield ind1="1" ind2=" " tag="775"><subfield code="t">Daily independent Democrat</subfield><subfield code="w">(DLC)sn 84022898</subfield><subfield code="w">(OCoLC)10666993</subfield></datafield><datafield ind1="1" ind2=" " tag="775"><subfield code="t">Concord daily monitor (Concord, N.H. : 1864)</subfield><subfield code="w">(DLC)sn 84022955</subfield><subfield code="w">(OCoLC)10681655</subfield></datafield><datafield ind1="1" ind2=" " tag="775"><subfield code="t">Legislative reporter (Concord, N.H. : 1862)</subfield><subfield code="w">(DLC)sn 84022935</subfield><subfield code="w">(OCoLC)10674761</subfield></datafield><datafield ind1="0" ind2="0" tag="780"><subfield code="t">Independent Democrat &amp; freeman</subfield><subfield code="w">(DLC)sn 84022952</subfield><subfield code="w">(OCoLC)10677524</subfield></datafield><datafield ind1="0" ind2="5" tag="780"><subfield code="t">State capital reporter (Concord, N.H. : Weekly)</subfield><subfield code="w">(DLC)sn 84022954</subfield><subfield code="w">(OCoLC)10681504</subfield></datafield><datafield ind1="0" ind2="5" tag="780"><subfield code="t">Concord monitor (Concord, N.H. : 1865)</subfield><subfield code="w">(DLC)sn 84022956</subfield><subfield code="w">(OCoLC)10681700</subfield></datafield><datafield ind1="0" ind2="7" tag="785"><subfield code="t">Republican statesman (Concord, N.H.)</subfield><subfield code="w">(DLC)sn 84022936</subfield><subfield code="w">(OCoLC)10675106</subfield></datafield><datafield ind1="0" ind2="7" tag="785"><subfield code="t">Independent statesman (Concord, N.H.)</subfield><subfield code="w">(DLC)sn 84022957</subfield><subfield code="w">(OCoLC)10681792</subfield></datafield></record>